<?xml version="1.0" encoding="UTF-8"?><collection xmlns="http://www.loc.gov/MARC21/slim"><record><leader>00512nam--2200193-u-4500</leader><controlfield tag="001">000051203</controlfield><controlfield tag="002">20161230</controlfield><controlfield tag="005">20170119001820</controlfield><controlfield tag="008">080530s1000------------r-----000-0-eng-d</controlfield><datafield ind1=" " ind2=" " tag="020"><subfield code="a">0444892214</subfield></datafield><datafield ind1=" " ind2=" " tag="040"><subfield code="a">IFIN-HH</subfield></datafield><datafield ind1=" " ind2=" " tag="080"><subfield code="a">514.8</subfield></datafield><datafield ind1="1" ind2=" " tag="100"><subfield code="a">Gindikin, S. G</subfield><subfield code="e">Ed</subfield></datafield><datafield ind1="1" ind2="0" tag="245"><subfield code="a">Geometry and Physics Essays in honour of I.M. Gelfand</subfield></datafield><datafield ind1=" " ind2=" " tag="260"><subfield code="a">Amsterdam</subfield><subfield code="b">Elsevier Science Publishers B.V</subfield><subfield code="c">1991</subfield></datafield><datafield ind1=" " ind2=" " tag="300"><subfield code="a">750 p</subfield></datafield><datafield ind1=" " ind2=" " tag="700"><subfield code="a">Singer, I. M</subfield><subfield code="e">Ed</subfield></datafield><datafield ind1=" " ind2=" " tag="852"><subfield code="a">80323</subfield><subfield code="c">513</subfield></datafield><datafield ind1=" " ind2=" " tag="CAT"><subfield code="a">SYS</subfield><subfield code="c">20170119</subfield><subfield code="h">001820</subfield></datafield></record></collection>